<marc:record xmlns:marc="http://www.loc.gov/MARC21/slim" xmlns:xsi="http://www.w3.org/2001/XMLSchema-instance" xsi:schemaLocation="http://www.loc.gov/MARC21/slim http://www.loc.gov/standards/marcxml/schema/MARC21slim.xsd">
  <marc:leader>     nam a22002531a 4500</marc:leader>
  <marc:controlfield tag="001">001685477</marc:controlfield>
  <marc:controlfield tag="003">NNU</marc:controlfield>
  <marc:controlfield tag="005">20061010173301.0</marc:controlfield>
  <marc:controlfield tag="008">000328s1955    le       b    000 0bara d</marc:controlfield>
  <marc:datafield tag="035" ind1="9" ind2=" ">
    <marc:subfield code="a">NYUb12228916</marc:subfield>
  </marc:datafield>
  <marc:datafield tag="035" ind1=" " ind2=" ">
    <marc:subfield code="a">(NNU)NYUb12228916</marc:subfield>
  </marc:datafield>
  <marc:datafield tag="040" ind1=" " ind2=" ">
    <marc:subfield code="a">NjP</marc:subfield>
    <marc:subfield code="c">NjP</marc:subfield>
    <marc:subfield code="d">MH</marc:subfield>
    <marc:subfield code="d">CStRLIN</marc:subfield>
    <marc:subfield code="d">CtY</marc:subfield>
  </marc:datafield>
  <marc:datafield tag="066" ind1=" " ind2=" ">
    <marc:subfield code="c">(3</marc:subfield>
    <marc:subfield code="c">(4</marc:subfield>
  </marc:datafield>
  <marc:datafield tag="090" ind1=" " ind2=" ">
    <marc:subfield code="a">PJ7525.A7</marc:subfield>
    <marc:subfield code="b">J8</marc:subfield>
  </marc:datafield>
  <marc:datafield tag="100" ind1="1" ind2=" ">
    <marc:subfield code="a">Jūmard, ʻAbd al-Jabbār</marc:subfield>
    <marc:subfield code="6">01</marc:subfield>
  </marc:datafield>
  <marc:datafield tag="100" ind1="1" ind2=" ">
    <marc:subfield code="6">01</marc:subfield>
    <marc:subfield code="a">جومرد، عبد الجبار.</marc:subfield>
  </marc:datafield>
  <marc:datafield tag="245" ind1="1" ind2="3">
    <marc:subfield code="6">02</marc:subfield>
    <marc:subfield code="a">al-Aṣmaʻī :</marc:subfield>
    <marc:subfield code="b">ḥayātuhu wa-āthāruh, 123 H-217 H /</marc:subfield>
    <marc:subfield code="c">ʻAbd al-Jabbār al-Jūmard.</marc:subfield>
  </marc:datafield>
  <marc:datafield tag="245" ind1="1" ind2="2">
    <marc:subfield code="6">02</marc:subfield>
    <marc:subfield code="a">الأصمعي :</marc:subfield>
    <marc:subfield code="b">حياته وآثاره، ١٢٣ ه-١٢٧ ه /</marc:subfield>
    <marc:subfield code="c">عبد الجبار الجومرد.</marc:subfield>
  </marc:datafield>
  <marc:datafield tag="260" ind1=" " ind2=" ">
    <marc:subfield code="6">03</marc:subfield>
    <marc:subfield code="a">[Beirut :</marc:subfield>
    <marc:subfield code="b">Dār al-Kashshāf,</marc:subfield>
    <marc:subfield code="c">1955]</marc:subfield>
  </marc:datafield>
  <marc:datafield tag="260" ind1=" " ind2=" ">
    <marc:subfield code="6">03</marc:subfield>
    <marc:subfield code="a">[بيروت :</marc:subfield>
    <marc:subfield code="b">دار الكشاف،</marc:subfield>
    <marc:subfield code="c">1955]</marc:subfield>
  </marc:datafield>
  <marc:datafield tag="300" ind1=" " ind2=" ">
    <marc:subfield code="a">352 p. ;</marc:subfield>
    <marc:subfield code="c">25 cm.</marc:subfield>
  </marc:datafield>
  <marc:datafield tag="504" ind1=" " ind2=" ">
    <marc:subfield code="a">Includes bibliographical references (p. 334-340)</marc:subfield>
  </marc:datafield>
  <marc:datafield tag="600" ind1="1" ind2="0">
    <marc:subfield code="a">Aṣmaʻī, ʻAbd al-Malik ibn Qurayb,</marc:subfield>
    <marc:subfield code="d">740-ca. 828</marc:subfield>
    <marc:subfield code="6">04</marc:subfield>
  </marc:datafield>
  <marc:datafield tag="600" ind1="1" ind2="0">
    <marc:subfield code="6">04</marc:subfield>
    <marc:subfield code="a">أصمعي، عبد الملك بن قريب.</marc:subfield>
  </marc:datafield>
  <marc:datafield tag="998" ind1=" " ind2=" ">
    <marc:subfield code="a">20010429</marc:subfield>
    <marc:subfield code="d">20010429</marc:subfield>
    <marc:subfield code="d">20010429</marc:subfield>
    <marc:subfield code="n">NNU</marc:subfield>
    <marc:subfield code="s">6</marc:subfield>
    <marc:subfield code="t">c</marc:subfield>
    <marc:subfield code="z">p</marc:subfield>
  </marc:datafield>
</marc:record>
